@inproceedings{stark,
  title={Real-time chord recognition for live performance},
  author={Stark, Adam M and Plumbley, Mark D},
  booktitle={Proceedings of the 2009 International Computer Music Conference, ICMC 2009},
  pages={85--88},
  year={2009}
}

@article{cho,
  author={T. {Cho} and J. P. {Bello}},
  journal={IEEE/ACM Transactions on Audio, Speech, and Language Processing},
  title={On the Relative Importance of Individual Components of Chord Recognition Systems},
  year={2014},
  volume={22},
  number={2},
  pages={477-492},
  keywords={feature extraction;filtering theory;Gaussian processes;hidden Markov models;mixture models;music;pattern matching;synchronisation;feature extraction;pattern matching;beat-synchronization;HMM;hidden Markov models;GMM;Gaussian mixture models;chroma;automatic chord recognition system;complex chord models;transition matrix;musical context information;systematic evaluation;post filtering approach;prefiltering approach;Vectors;Feature extraction;Hidden Markov models;Harmonic analysis;Timbre;Pattern matching;Automatic chord recognition;chroma;Gaussian mixture models (GMMs);hidden Markov models (hmms)},
  doi={10.1109/TASLP.2013.2295926},
  ISSN={2329-9304},
  month={Feb}
}

@phdthesis{harte,
  title={Towards Automatic Extraction of Harmony Information from Music Signals},
  author={Harte, Christopher},
  year={2010},
  school={Department of Electronic Engineering, Queen Mary, University of London}
}

@inproceedings{lee,
  title={Automatic Chord Recognition from Audio Using Enhanced Pitch Class Profile},
  author={Lee, Kyogu},
  booktitle={ICMC},
  year={2006}
}

@phdthesis{mauch_thesis,
  title={Automatic Chord Transcription from Audio Using Computational Models of Musical Context},
  author={Mauch, Matthias},
  year={2010},
  school={School of Electronic Engineering and Computer Science Queen Mary, University of London}
}

@article{mauch_simultaneous,
  author={M. {Mauch} and S. {Dixon}},
  journal={IEEE Transactions on Audio, Speech, and Language Processing},
  title={Simultaneous Estimation of Chords and Musical Context From Audio},
  year={2010},
  volume={18},
  number={6},
  pages={1280-1289},
  keywords={audio signal processing;Bayes methods;chord-musical context;musical harmony;automatic method;audio waveform estimation;six-layered dynamic Bayesian network;model metric position;low-level audio features;MIREX 2008 chord detection task;Music;Bayesian methods;Testing;Multiple signal classification;Signal processing;Computer science;Network topology;Humans;Parameter estimation;Chord transcription;dynamic Bayesian networks (DBNs);music signal processing},
  doi={10.1109/TASL.2009.2032947},
  ISSN={1558-7924},
  month={Aug}
}

@inproceedings{jiang,
  title={Analyzing chroma feature types for automated chord recognition},
  author={Jiang, Nanzhu and Grosche, Peter and Konz, Verena and M{\"u}ller, Meinard},
  booktitle={Audio Engineering Society Conference: 42nd International Conference: Semantic Audio},
  year={2011},
  organization={Audio Engineering Society}
}

@inproceedings{pauwels,
  title={20 Years of Automatic Chord Recognition from Audio},
  author={Johan Pauwels and Ken O'Hanlon and Emilia G{\'o}mez and Mark B. Sandler},
  booktitle={ISMIR},
  year={2019}
}

@article{fujishima,
  title={Real-time chord recognition of musical sound: A system using common lisp music},
  author={Fujishima, Takuya},
  journal={Proc. ICMC, Oct. 1999},
  pages={464--467},
  year={1999}
}

@article{sheh,
  title={Chord segmentation and recognition using {EM}-trained hidden {M}arkov models},
  author={Sheh, Alexander and Ellis, Daniel PW},
  year={2003},
  publisher={Johns Hopkins University}
}

@inproceedings{boulanger,
  title={Audio Chord Recognition with Recurrent Neural Networks},
  author={Nicolas Boulanger-Lewandowski and Yoshua Bengio and Pascal Vincent},
  booktitle={ISMIR},
  year={2013}
}

@misc{korzeniowski,
    title={Feature Learning for Chord Recognition: The Deep Chroma Extractor},
    author={Filip Korzeniowski and Gerhard Widmer},
    year={2016},
    eprint={1612.05065},
    archivePrefix={arXiv},
    primaryClass={cs.SD}
}

@inproceedings{cho_chroma,
  title = "Exploring common variations in state of the art chord recognition systems",
  author = "Taemin Cho and Weiss, {Ron J.} and Bello, {Juan P.}",
  year = "2010",
  language = "English (US)",
  pages = "31",
  booktitle = "Proceedings of the 7th Sound and Music Computing Conference, SMC 2010",
  publisher = "Sound and music Computing network",
  note = "7th Sound and Music Computing Conference, SMC 2010 ; Conference date: 21-07-2010 Through 24-07-2010",
}

@manual{lcdk,
  title = {{OMAP-L138/C6748} Low-Cost Development Kit ({LCDK}) User's Guide},
  organization = {Texas Instruments},
  month = {September},
  year = {2019}
}

@inproceedings{librosa,
	doi = {10.25080/majora-7b98e3ed-003},
	url = {https://doi.org/10.25080%2Fmajora-7b98e3ed-003},
	year = 2015,
	publisher = {{SciPy}},
	author = {Brian McFee and Colin Raffel and Dawen Liang and Daniel Ellis and Matt McVicar and Eric Battenberg and Oriol Nieto},
	title = {librosa: Audio and Music Signal Analysis in Python},
	booktitle = {Proceedings of the 14th Python in Science Conference}
}

@electronic{ccs,
  title = {Code {C}omposer {S}tudio ({CCS}) {I}ntegrated {D}evelopment {E}nvironment ({IDE})},
  year = 2020,
  organization = {Texas Instruments},
  url = {https://www.ti.com/tool/CCSTUDIO}
}

@electronic{filter,
  title = {Interactive Digital Filter Design},
  year = 1999,
  month = {10},
  author = {Tony Fisher},
  organization = {University of York},
  url = {https://www-users.cs.york.ac.uk/~fisher/mkfilter/}
}

@book{proakis,
  title = {Digital Signal Processing: Principles, Algorithms, and Applications},
  author = {John G. Proakis and Dimitris G. Manolakis},
  year = 2006,
  publisher = {Pearson},
  edition = {Fourth}
}